@article{alkhuzaie,
  title={Diagnosis of Alzheimer Disease Using 2D MRI Slices by Convolutional Neural Network},
  author={Fanar E. K. Al-Khuzaie, Oguz Bayat e Adil D. Duru},
  journal={Applied Bionics and Biomechanics},
  year={2021},
}

@article{bet,
  title={Fast robust automated brain extraction},
  author={Stephen M. Smith},
  journal={Human Brain Mapping},
  year={2002},
}

@article{alzheimer,
  title={Doença de Alzheimer},
  author={Marília de Arruda Cardoso Smith},
  journal={Brazilian Journal of Psychiatry},
  year={1999},
}